@inproceedings{matejka2005phonotactic,
  title={Phonotactic language identification using high quality phoneme recognition},
  author={Matejka, Pavel and Schwarz, Petr and Cernock{\`y}, Jan and Chytil, Pavel},
  booktitle={Ninth European Conference on Speech Communication and Technology},
  year={2005}
}

@article{zissman1996comparison,
  title={Comparison of four approaches to automatic language identification of telephone speech},
  author={Zissman, Marc A},
  journal={IEEE Transactions on speech and audio processing},
  volume={4},
  number={1},
  pages={31},
  year={1996},
  publisher={IEEE}
}

@article{kepuska2017comparing,
  title={Comparing speech recognition systems (Microsoft API, Google API and CMU Sphinx)},
  author={K{\"e}puska, Veton and Bohouta, Gamal},
  journal={Journal of Engineering Research and Application},
  volume={7},
  number={3},
  pages={20--24},
  year={2017}
}

@inproceedings{lamere2003cmu,
  title={The CMU SPHINX-4 speech recognition system},
  author={Lamere, Paul and Kwok, Philip and Gouvea, Evandro and Raj, Bhiksha and Singh, Rita and Walker, William and Warmuth, Manfred and Wolf, Peter},
  booktitle={IEEE Intl. Conf. on Acoustics, Speech and Signal Processing (ICASSP 2003), Hong Kong},
  volume={1},
  pages={2--5},
  year={2003}
}